@misc{ wiki:webRTC,
   author = "Wikipedia",
   title = "WebRTC --- {W}ikipedia{,} The Free Encyclopedia",
   year = "2014",
   url = "\url{http://en.wikipedia.org/wiki/WebRTC}",
   note = "[Online; accessed 29-April-2014]"
 }

@misc{ wiki:skype,
   author = "Wikipedia",
   title = "Skype --- {W}ikipedia{,} The Free Encyclopedia",
   year = "2014",
   url = "\url{http://en.wikipedia.org/wiki/Skype}",
   note = "[Online; accessed 2-May-2014]"
 }

@misc{ wiki:ice,
   author = "Wikipedia",
   title = "Interactive Connectivity Establishment --- {W}ikipedia{,} The Free Encyclopedia",
   year = "2014",
   url = "\url{http://en.wikipedia.org/wiki/Interactive_Connectivity_Establishment}",
   note = "[Online; accessed 2-May-2014]"
 }

@misc{ wiki:pstn,
   author = "Wikipedia",
   title = "Public switched telephone network --- {W}ikipedia{,} The Free Encyclopedia",
   year = "2014",
   url = "\url{http://en.wikipedia.org/wiki/Public_switched_telephone_network}",
   note = "[Online; accessed 2-May-2014]"
 }
 
@misc{ wiki:websocket,
   author = "Wikipedia",
   title = "WebSocket --- {W}ikipedia{,} The Free Encyclopedia",
   year = "2014",
   url = "\url{http://en.wikipedia.org/wiki/WebSocket}",
   note = "[Online; accessed 7-May-2014]"
 }
 
@misc{ wiki:sip,
   author = "Wikipedia",
   title = "Session Initiation Protocol --- {W}ikipedia{,} The Free Encyclopedia",
   year = "2014",
   url = "\url{http://en.wikipedia.org/wiki/Session_Initiation_Protocol}",
   note = "[Online; accessed 7-May-2014]"
 }
 
@misc{ wiki:h323,
   author = "Wikipedia",
   title = "H.323 --- {W}ikipedia{,} The Free Encyclopedia",
   year = "2014",
   url = "\url{http://en.wikipedia.org/wiki/H.323}",
   note = "[Online; accessed 7-May-2014]"
 }
 
@misc{ wiki:sip_response_codes,
   author = "Wikipedia",
   title = "List of SIP response codes --- {W}ikipedia{,} The Free Encyclopedia",
   year = "2014",
   url = "\url{http://en.wikipedia.org/wiki/List_of_SIP_response_codes}",
   note = "[Online; accessed 7-May-2014]"
 }
 
@misc{ html5rock:webrtc,
   author = "Sam Dutton",
   title = "Getting Started with WebRTC --- HTML5Rocks",
   year = "2014",
   url = "\url{http://www.html5rocks.com/en/tutorials/webrtc/basics}",
   note = "[Online; accessed 2-May-2014]"
 }
 
@misc{ web:teleVSvoip,
   author = "Cisco Systems Inc",
   title = "Differences between Traditional 
Telephony and VoIP",
   year = "2005",
   url = "\url{http://www.hh.se/download/18.70cf2e49129168da015800092892/3_2_differences_between.pdf}",
   note = "[Online; accessed 2-May-2014]"
 }
  
@misc{ webopedia:pbx,
   author = "Webopedia",
   title = "PBX - private branch exchange --- Webopedia",
   year = "2014",
   url = "\url{http://www.webopedia.com/TERM/P/PBX.html}",
   note = "[Online; accessed 2-May-2014]"
 }

@misc{ org:webrtc,
   author = "Google",
   title = "General Overview --- webrtc.org",
   year = "2012",
   url = "\url{http://www.webrtc.org/reference/architecture}",
   note = "[Online; accessed 7-May-2014]"
 }
  
@inbook{ inbook:rtc-preface,
	author = " Alan B Johnston and Daniel C Burnett",
	title = "WebRTC: APIs and RTCWEB Protocols of the HTML5 Real-Time Web",
	chapter = "Preface",
	edition = "Second",
	pages = "12",
	year = "2013",
	publisher = "Digital Codex LLC"
}

@inbook{ inbook:rtc-intro,
	author = " Alan B Johnston and Daniel C Burnett",
	title = "WebRTC: APIs and RTCWEB Protocols of the HTML5 Real-Time Web",
	chapter = "Introduction to Web Real-Time Communications",
	edition = "Second",
	pages = "15",
	year = "2013",
	publisher = "Digital Codex LLC"
}

@inbook{ inbook:rtc-apis,
	author = " Alan B Johnston and Daniel C Burnett",
	title = "WebRTC: APIs and RTCWEB Protocols of the HTML5 Real-Time Web",
	chapter = "How to Use WebRTC",
	edition = "Second",
	pages = "33",
	year = "2013",
	publisher = "Digital Codex LLC"
}

@inbook{ inbook:sys_work_diagram,
	author = " Alan B Johnston and Daniel C Burnett",
	title = "WebRTC: APIs and RTCWEB Protocols of the HTML5 Real-Time Web",
	chapter = "How to Use WebRTC",
	edition = "Second",
	pages = "48",
	year = "2013",
	publisher = "Digital Codex LLC"
}

@misc{ rfc:3261,
   author = "The Internet Society",
   title = "SIP: Session Initiation Protocol --- RFC 3261",
   year = "2002",
   url = "\url{http://tools.ietf.org/html/rfc3261}",
   note = "[Online; accessed 7-May-2014]"
 }
 
@misc{ networkworld:sip,
   author = "Network World",
   title = "What is SIP? --- Network World",
   year = "2004",
   url = "\url{http://www.networkworld.com/research/2004/0510sipwhat.html?page=1}",
   note = "[Online; accessed 7-May-2014]"
 }




